<record><leader>00000cas a2200000 a 4500</leader><controlfield tag="001">8716170</controlfield><controlfield tag="008">820824d19822002azuwr n      s0    0eng d</controlfield><datafield ind1=" " ind2=" " tag="010"><subfield code="a">sn 95060709 </subfield></datafield><datafield ind1=" " ind2=" " tag="040"><subfield code="a">AZU</subfield><subfield code="b">eng</subfield><subfield code="c">AZU</subfield><subfield code="d">ANN</subfield><subfield code="d">OCL</subfield><subfield code="d">ANN</subfield><subfield code="d">OCLCQ</subfield><subfield code="d">OCLCF</subfield><subfield code="d">OCLCO</subfield></datafield><datafield ind1="1" ind2=" " tag="029"><subfield code="a">AU@</subfield><subfield code="b">000012204415</subfield></datafield><datafield ind1=" " ind2=" " tag="037"><subfield code="b">University News Services, 219 Slonaker Alumni Bldg., Tucson, Auiz. 85721</subfield></datafield><datafield ind1=" " ind2=" " tag="042"><subfield code="a">msc</subfield></datafield><datafield ind1="0" ind2="0" tag="245"><subfield code="a">Lo que pasa.</subfield></datafield><datafield ind1="1" ind2="3" tag="246"><subfield code="a">LQP online</subfield></datafield><datafield ind1=" " ind2=" " tag="260"><subfield code="a">Tucson, Ariz. :</subfield><subfield code="b">University News Services,</subfield><subfield code="c">1982-</subfield></datafield><datafield ind1=" " ind2=" " tag="300"><subfield code="a">v. :</subfield><subfield code="b">ill. ;</subfield><subfield code="c">43 cm.</subfield></datafield><datafield ind1=" " ind2=" " tag="310"><subfield code="a">Weekly (except during vacation periods)</subfield></datafield><datafield ind1="0" ind2=" " tag="362"><subfield code="a">Vol. 6, no. 1 (Aug. 23, 1982)-v. 26, no. 21 (June 27, 2002).</subfield></datafield><datafield ind1=" " ind2=" " tag="500"><subfield code="a">Published in electronic version only as "LQP Online" after June 27, 2002.</subfield></datafield><datafield ind1="2" ind2="0" tag="610"><subfield code="a">University of Arizona</subfield><subfield code="v">Newspapers.</subfield></datafield><datafield ind1=" " ind2="0" tag="651"><subfield code="a">Tucson (Ariz.)</subfield><subfield code="v">Newspapers.</subfield></datafield><datafield ind1=" " ind2="0" tag="651"><subfield code="a">Pima County (Ariz.)</subfield><subfield code="v">Newspapers.</subfield></datafield><datafield ind1=" " ind2="7" tag="655"><subfield code="a">Newspapers.</subfield><subfield code="2">fast</subfield><subfield code="0">(OCoLC)fst01423814</subfield></datafield><datafield ind1="2" ind2="7" tag="610"><subfield code="a">University of Arizona.</subfield><subfield code="2">fast</subfield><subfield code="0">(OCoLC)fst00533706</subfield></datafield><datafield ind1=" " ind2="7" tag="651"><subfield code="a">Arizona</subfield><subfield code="z">Pima County.</subfield><subfield code="2">fast</subfield><subfield code="0">(OCoLC)fst01205717</subfield></datafield><datafield ind1=" " ind2="7" tag="651"><subfield code="a">Arizona</subfield><subfield code="z">Tucson.</subfield><subfield code="2">fast</subfield><subfield code="0">(OCoLC)fst01205454</subfield></datafield><datafield ind1="2" ind2=" " tag="710"><subfield code="a">University of Arizona.</subfield><subfield code="b">University News Services.</subfield></datafield><datafield ind1=" " ind2=" " tag="752"><subfield code="a">United States</subfield><subfield code="b">Arizona</subfield><subfield code="c">Pima</subfield><subfield code="d">Tucson.</subfield></datafield><datafield ind1="0" ind2="0" tag="780"><subfield code="t">Que&#769; pasa</subfield><subfield code="w">(DLC)sn 95060708</subfield></datafield><datafield ind1="0" ind2="0" tag="785"><subfield code="t">LQP online</subfield></datafield><datafield ind1="4" ind2=" " tag="856"><subfield code="u">uanewa.org</subfield></datafield></record>